<?xml version="1.0" encoding="UTF-8"?><collection xmlns="http://www.loc.gov/MARC21/slim"><record><leader>00464nam--2200181-i-4500</leader><controlfield tag="001">000009630</controlfield><controlfield tag="002">20161230</controlfield><controlfield tag="005">20161230201028</controlfield><controlfield tag="008">060222s1000------------r-----000-0-rus-d</controlfield><datafield ind1=" " ind2=" " tag="040"><subfield code="a">IFIN-HH</subfield></datafield><datafield ind1=" " ind2=" " tag="041"><subfield code="a">rus</subfield></datafield><datafield ind1=" " ind2=" " tag="080"><subfield code="a">621.074.22</subfield></datafield><datafield ind1="1" ind2=" " tag="100"><subfield code="a">Sinkov, M.V</subfield></datafield><datafield ind1="1" ind2="0" tag="245"><subfield code="a">Mnogoelementnie detektori ioniziruyusego izlucenia</subfield><subfield code="c">M.v. sinkov</subfield></datafield><datafield ind1=" " ind2=" " tag="260"><subfield code="a">Kiev</subfield><subfield code="b">Tehnika</subfield><subfield code="c">1985</subfield></datafield><datafield ind1=" " ind2=" " tag="300"><subfield code="a">135P</subfield></datafield><datafield ind1=" " ind2=" " tag="852"><subfield code="a">73819</subfield><subfield code="c">539.1.07:539.1.08</subfield></datafield><datafield ind1=" " ind2=" " tag="CAT"><subfield code="a">Sys</subfield><subfield code="c">20111031</subfield><subfield code="h">132840</subfield></datafield></record></collection>